@book{timm2002applied,
	title={Applied Multivariate Analysis},
	author={Timm, N.H.},
	isbn={9780387953472},
	lccn={2001049267},
	series={Springer Texts in Statistics},
	url={https://books.google.es/books?id=PyLMNcpuoEwC},
	year={2002},
	publisher={Springer New York}
}

@misc{WikipediaNumberK,
	title = "Determining the number of clusters in a data set",
	howpublished = {\url{https://en.wikipedia.org/wiki/Determining_the_number_of_clusters_in_a_data_set}},
	note = "Último acceso: 28/12/2019"
}

@misc{WikipediaElbow,
	title = "Elbow method (clustering)",
	howpublished = {\url{https://en.wikipedia.org/wiki/Elbow_method_(clustering)}},
	note = "Último acceso: 28/12/2019"
}

@misc{WikipediaSilouette,
	title = "Silhouette (clustering)",
	howpublished = {\url{https://en.wikipedia.org/wiki/Silhouette_(clustering)}},
	note = "Último acceso: 28/12/2019"
}

@inproceedings{aranganayagi2007clustering,
	title={Clustering categorical data using silhouette coefficient as a relocating measure},
	author={Aranganayagi, S and Thangavel, K},
	booktitle={International Conference on Computational Intelligence and Multimedia Applications (ICCIMA 2007)},
	volume={2},
	pages={13--17},
	year={2007},
	organization={IEEE}
}

@article{tibshirani2001estimating,
	title={Estimating the number of clusters in a data set via the gap statistic},
	author={Tibshirani, Robert and Walther, Guenther and Hastie, Trevor},
	journal={Journal of the Royal Statistical Society: Series B (Statistical Methodology)},
	volume={63},
	number={2},
	pages={411--423},
	year={2001},
	publisher={Wiley Online Library}
}