@misc{chire_deutsch:_2011,
	title = {Cluster analysis with OPTICS on a density-based data set.},
	howpublished = {\url{https://commons.wikimedia.org/wiki/File:OPTICS-Gaussian-data.svg}},
	urldate = {2020-01-12},
	author = {{Chire}},
	month = oct,
	year = {2011}
}


@misc{noauthor_understanding_nodate,
	title = {Understanding data mining clustering methods},
	url = {https://blogs.sas.com/content/subconsciousmusings/2016/05/26/data-mining-clustering/},
	abstract = {When you go to the grocery store, you see that items of a similar nature are displayed nearby to each other.},
	language = {en-US},
	urldate = {2020-01-16},
	journal = {The SAS Data Science Blog}
}